@online{misgit1,
	author="Óscar Salvador",
	title ="Programación de Interfaces Web, práctica 4",
	url ="https://github.com/oscarsalvador/NEB-frontend-p4",
	year="2022",
    month="3"
}
@online{misgit2,
	author="Óscar Salvador",
	title ="Programación de Interfaces Web, práctica 5",
	url ="https://github.com/oscarsalvador/NEB-frontend-p5",
	year="2022",
    month="4"
}
@online{rediscode,
	author="Humberto Leal",
	title = {{Connecting to a Redis database using Node.js — Northflank}},
	url = {https://northflank.com/guides/connecting-to-a-redis-database-using-node-js},
	addendum="(accedido: 2022-12-28)"
}
@online{react_imgs,
	author="David Nguyen and Tony Tran",
	title="npm: react-images-uploading",
	url="https://www.npmjs.com/package/react-images-uploading",
	year="2022"	
}
@online{ms_add_blob1,
	author="{Microsoft:} and Paul Jewell and Tamra Myers and Dina Berry and Norm Estabrook",
	title="Create and use account SAS tokens with Azure Blob Storage and JavaScript",
	url="https://learn.microsoft.com/en-us/azure/storage/blobs/storage-blob-account-delegation-sas-create-javascript?tabs=blob-service-client",
	year="2022"	
}
@online{ms_add_blob2,
	author="{Microsoft:} and Paul Jewell and Dina Berry and Tamra Myers and Christopher McClister and Norm Estabrook and Alex Buck and James Barnett",
	title="Get started with Azure Blob Storage and JavaScript",
	url="https://learn.microsoft.com/en-us/azure/storage/blobs/storage-blob-javascript-get-started?tabs=azure-ad",
	year="2022"	
}
@online{ms_add_blob3,
	author="{Microsoft:} and Paul Jewell and Tamra Myers and Norm Estabrook and Dina Berry",
	title="Get URL for container or blob in Azure Storage using the JavaScript client library",
	url="https://learn.microsoft.com/en-us/azure/storage/blobs/storage-blob-get-url-javascript",
	year="2022"	
}
@online{ms_add_blob4,
	author="{Microsoft:} and Emma Zhu and Daniel Jurek and Sima Zhu and Scott Beddall",
	title="Azure Storage Blob client library for JavaScript - version 12.12.0",
	url="https://learn.microsoft.com/en-us/javascript/api/overview/azure/storage-blob-readme?view=azure-node-latest",
	year="2022"	
}
@online{ms_add_blob5,
	author="{Microsoft:} and Tamra Myers and Rakesh Mohan and Jim Wells and Sean McCullough and Jinxu Jia and yullims",
	title="Create an account SAS",
	url="https://learn.microsoft.com/en-us/rest/api/storageservices/create-account-sas",
	year="2022"	
}
@online{ms_rm_blob,
	author="{Microsoft:} and Paul Jewell and Dina Berry and Tamra Myers and Norm Estabrook",
	title="Delete and restore a blob in your Azure Storage account using the JavaScript client library",
	url="https://learn.microsoft.com/en-us/azure/storage/blobs/storage-blob-delete-javascript#delete-a-blob",
	year="2022"	
}
@online{mongo_sspl,
	author="MongoDB",
	title="Server Side Public Licence",
	url="https://www.mongodb.com/licensing/server-side-public-license",
	year="2018"
}
@online{redis_connect,
	author="Zeeshan Baig",
	title="How to Fix Redis CLI Error Connection Reset by Peer",
	url="https://datanextsolutions.com/blog/how-to-fix-redis-cli-error-connection-reset-by-peer/",
	year="2018"
}
@online{docker_nginx1,
	author="Bhargav Bachina",
	title="Dockerizing React App With NodeJS Backend — Typescript Version",
	url="https://medium.com/bb-tutorials-and-thoughts/dockerizing-react-app-with-nodejs-backend-typescript-version-55a40389b0ac",
	year="2021",
	month="12"
}
@online{docker_nginxi2,
	author="Karan Pratap Singh",
	title="Dockerize your React app",
	url="https://dev.to/karanpratapsingh/dockerize-your-react-app-4j2e",
	year="2021",
	month="7"
}
@online{docker_nginx3,
	author="Sukhpal Saini",
	title="Dockerfile for React and Typescript",
	url="https://www.saasbase.dev/dockerfile-for-react-and-typescript/",
	year="2022",
	month="3",
}
@online{docker_layers,
	author="Docker",
	title="Best practices for writing Dockerfiles",
	url="https://docs.docker.com/develop/develop-images/dockerfile_best-practices/",
	year="2022",
	month="12"
}
@online{cors_almacen,
	author="{Microsoft:} and Tamra Myers and Jason Howell and Robin Shahan",
	title="Cross-Origin Resource Sharing (CORS) support for Azure Storage",
	url="https://learn.microsoft.com/en-us/rest/api/storageservices/cross-origin-resource-sharing--cors--support-for-the-azure-storage-services",
	year="2021",
	month="10"
}
@online{hashicorp_lang1,
	author="Hashicorp",
	title="Terraform Language Documentation",
	url="https://developer.hashicorp.com/terraform/language",
	addendum="(v1.3.x, commit 2022-10-20)"
}
@online{hashicorp_state,
	author="Hashicorp",
	title="State",
	url="https://developer.hashicorp.com/terraform/language/state",
	addendum="(v1.3.x)"
}
@online{hashicorp_import,
	author="Hashicorp",
	title="Import",
	url="https://developer.hashicorp.com/terraform/cli/import",
	addendum="(v1.3.x)"
}
@online{hashicorp_plan,
	author="Hashicorp",
	title="Command: plan",
	url="https://developer.hashicorp.com/terraform/cli/commands/plan",
	addendum="(v1.3.x)"
}
@online{hashicorp_plan_refresh,
	author="Hashicorp",
	title="Use Refresh-Only Mode to Sync Terraform State",
	url="https://developer.hashicorp.com/terraform/tutorials/state/refresh",
	addendum="(accedido: 2022-12-29)"
}
@online{hashicorp_graph,
	author="Hashicorp",
	title="Resource Graph",
	url="https://developer.hashicorp.com/terraform/internals/graph",
	addendum="(v1.3.x)"
}
@online{hashicorp_plugins,
	author="Hashicorp",
	title="How Terraform Works With Plugins",
	url="https://developer.hashicorp.com/terraform/plugin/how-terraform-works",
	addendum="(accedido: 2022-12-30)"
}
@online{onprem_provider1,
	author="Hashicorp",
	title="Terraform Provider for VMware vSphere",
	url="https://registry.terraform.io/providers/hashicorp/vsphere/latest/docs",
}
@online{onprem_provider2,
	author="terraform-provider-openstack",
	title="OpenStack Provider",
	url="https://registry.terraform.io/providers/terraform-provider-openstack/openstack/latest/docs",
}
@online{onprem_provider3,
	author="Cloudstack",
	title="CloudStack Provider",
	url="https://registry.terraform.io/providers/cloudstack/cloudstack/latest/docs",
}

@online{azure_provider,
	author="Hashicorp",
	title="Azure Provider",
	url="https://registry.terraform.io/providers/hashicorp/azurerm/latest/docs",
}
@online{tf_depends1,
	author="Roy Wellington",
	title="StorageAccountNotFound while creating Storage Account #12052",
	url="https://github.com/hashicorp/terraform-provider-azurerm/issues/12052",
	year="2021",
	month="6"
}
@online{tf_depends2,
	author="realsnick",
	title="creating azure rm storage container fails after creating azure rm storage #7005",
	url="https://github.com/hashicorp/terraform/issues/7005",
	year="2016",
	month="6"
}
@online{tf_depends3,
	author="Miguel Bernadim",
	title="terraform resource doesn't exist when using modules and data resource #7014",
	url="https://github.com/hashicorp/terraform-provider-aws/issues/7014",
	year="2019",
	month="1"
}
@online{ansible_git,
	author="Ansible",
	title="GitHub - ansible/ansible: Ansible is a radically simple IT automation platform",
	url="https://github.com/ansible/ansible",
	year="2023",
	month="1"
}
@online{ansible_collections,
	author="Ansible",
	title="Collection Index",
	url="https://docs.ansible.com/ansible/latest/collections/index.html",
	year="2022",
	month="12"
}
@online{ansible_git,
	author="Michael DeHaan",
	title="Ansible - A Simple Model-Driven Configuration Management and Command Execution Framework",
	url="http://highscalability.com/blog/2012/4/18/ansible-a-simple-model-driven-configuration-management-and-c.html",
	year="2012",
	month="4"
}
@online{ansible_concepts,
	author="Ansible",
	title="Ansible concepts",
	url="https://docs.ansible.com/ansible/latest/getting_started/basic_concepts.html",
	year="2022",
	month="12"
}
@online{ansible_facts1,
	author="Ansible",
	title="Using Variables",
	url="https://docs.ansible.com/ansible/latest/playbook_guide/playbooks_variables.html#accessing-information-about-other-hosts-with-magic-variables",
	year="2022",
	month="12"
}
@online{ansible_facts2,
	author="{Ansible Core Team}",
	title="ansible.builtin.gather_facts module – Gathers facts about remote hosts",
	url="https://docs.ansible.com/ansible/latest/collections/ansible/builtin/gather_facts_module.html",
	year="2022",
	month="12"
}
@online{ansible_facts3,
	author="{Ansible Core Team} and Michael DeHaan",
	title="ansible.builtin.setup module – Gathers facts about remote hosts",
	url="https://docs.ansible.com/ansible/latest/collections/ansible/builtin/setup_module.html#ansible-collections-ansible-builtin-setup-module",
	year="2022",
	month="12"
}
@online{ansible_facts4,
	author="Kshitiz Saini",
	title="An introduction to Ansible facts",
	url="https://www.redhat.com/sysadmin/playing-ansible-facts",
	year="2021",
	month="3"
}
@online{ansible_collection,
	author="Microsoft",
	title="Azure.Azcollection",
	url="https://docs.ansible.com/ansible/latest/collections/azure/azcollection/index.html",
	year="2022",
	month="11"
}
@online{ansible_folders,
    author="Ansible",
    title="Roles",
    url="https://docs.ansible.com/ansible/latest/playbook_guide/playbooks_reuse_roles.html",
    year="2022",
    month="12"
}
@online{ansible_async,
    author="Ansible",
    title="Asynchronous actions and polling",
    url="https://docs.ansible.com/ansible/latest/playbook_guide/playbooks_async.html",
    year="2022",
    month="12"
}
@online{ansible_free,
    author="Ansible",
    title="free – Executes tasks without waiting for all hosts",
    url="https://docs.ansible.com/ansible/2.9/plugins/strategy/free.html#free-strategy",
    year="2022",
    month="5"
}
@online{ansible_forks,
    author="Ansible",
    title="Controlling playbook execution: strategies and more § Setting the number of forks",
    url="https://docs.ansible.com/ansible/latest/playbook_guide/playbooks_strategies.html#setting-the-number-of-forks",
    year="2022",
    month="12"
}
@online{ansible_parallel_tasks,
    author="Max Wenzin",
    title="How to run Ansible tasks in parallel",
    url="https://blog.crisp.se/2018/01/27/maxwenzin/how-to-run-ansible-tasks-in-parallel",
    year="2018",
    month="1"
}
@online{terraform_ansible,
    author="Ansible",
    title="community.general.terraform module – Manages a Terraform deployment (and plans)",
    url="https://docs.ansible.com/ansible/latest/collections/community/general/terraform_module.html",
    year="2022",
    month="12"
}
@online{terraform_ansible_medium,
    author="Isha Jain",
    title="https://medium.com/geekculture/the-most-simplified-integration-of-ansible-and-terraform-49f130b9fc8",
    url="https://medium.com/geekculture/the-most-simplified-integration-of-ansible-and-terraform-49f130b9fc8",
    year="2021",
    month="5"
}
@online{terraform_ansible_module,
    author="Felix Fontein and Brian Coca and Teodor Janez Podobnik",
    title="community.general/terraform.py at main · ansible-collections/community.general",
    url="https://github.com/ansible-collections/community.general/blob/main/plugins/modules/terraform.py",
    year="2023",
    month="1"
}
@online{terraform_ansible_cloud,
    author="Cloudposse",
    title="GitHub - cloudposse/terraform-null-ansible: Terraform Module to run ansible playbooks",
    url="https://github.com/ansible-collections/community.general/blob/main/plugins/modules/terraform.py",
    year="2022",
    month="6"
}
@online{terraform_ansible_digitaloc,
    author="{DigitalOcean: Savic}",
    title="How To Use Ansible with Terraform for Configuration Management",
    url="https://www.digitalocean.com/community/tutorials/how-to-use-ansible-with-terraform-for-configuration-management",
    year="2021",
    month="11"
}
@online{ms_appgw,
    author="Microsoft",
    title="New-AzApplicationGateway (Az.Network)",
    url="https://learn.microsoft.com/en-us/powershell/module/az.network/new-azapplicationgateway?view=azps-9.3.0",
}
@online{stack_overflow_pop,
    author="{Stack Overflow}",
    title="Developer Survey 2022",
    url="https://survey.stackoverflow.co/2022/#most-popular-technologies-tools-tech-prof",
    year="2022"
}
@online{google_pop,
    author="{Google Trends}",
    title="Comparación de Terraform y Ansible en los últimos 5 años",
    url="https://trends.google.es/trends/explore?date=today%205-y&q=Terraform,Ansible",
    year="2022"
}
@online{git_tf,
    author="{Terraform - GitHub}",
    title="Contributors to hashicorp/terraform",
    url="https://github.com/hashicorp/terraform/graphs/contributors",
    year="2023",
    month="1"
}
@online{git_ans,
    author="{Ansible - GitHub}",
    title="Contributors to ansible/ansible",
    url="https://github.com/ansible/ansible/graphs/contributors",
    year="2023",
    month="1"
}